<?xml version="1.0" encoding="UTF-8"?><collection xmlns="http://www.loc.gov/MARC21/slim"><record><leader>00485nam--2200157-i-4500</leader><controlfield tag="001">000015370</controlfield><controlfield tag="002">20161230</controlfield><controlfield tag="005">20161230201031</controlfield><controlfield tag="008">060222s1000------------r-----000-0-eng-d</controlfield><datafield ind1=" " ind2=" " tag="080"><subfield code="a">514.764.2</subfield></datafield><datafield ind1="1" ind2=" " tag="100"><subfield code="a">Baum, Helga</subfield></datafield><datafield ind1="1" ind2="0" tag="245"><subfield code="a">Spin-strukturen und dirac-operatoren uber pseudoriemannschen mannigfaltigkeiten</subfield></datafield><datafield ind1=" " ind2=" " tag="260"><subfield code="a">Leipzig, Teubner Verlagsgesellschaft, 1981 180 P</subfield></datafield><datafield ind1=" " ind2=" " tag="490"><subfield code="a">Teubner-texte Zur Mathematik</subfield><subfield code="v">band 41</subfield></datafield><datafield ind1=" " ind2=" " tag="852"><subfield code="a">70329</subfield><subfield code="c">517.9</subfield></datafield><datafield ind1=" " ind2=" " tag="CAT"><subfield code="a">Sys</subfield><subfield code="c">20090406</subfield><subfield code="h">110520</subfield></datafield></record></collection>